<?xml version="1.0" encoding="UTF-8"?><record xmlns="http://www.loc.gov/MARC21/slim" xmlns:cinclude="http://apache.org/cocoon/include/1.0" xmlns:zs="http://www.loc.gov/zing/srw/">
  <leader>00500nz  a2200121n  4500</leader>
  <controlfield tag="001">n 2009160661</controlfield>
  <controlfield tag="003">DLC</controlfield>
  <controlfield tag="005">20090218081624.0</controlfield>
  <controlfield tag="008">090217n| acannaabn          |n ana      </controlfield>
  <datafield tag="010" ind1=" " ind2=" ">
    <subfield code="a">n 2009160661</subfield>
  </datafield>
  <datafield tag="040" ind1=" " ind2=" ">
    <subfield code="a">DLC</subfield>
    <subfield code="b">eng</subfield>
    <subfield code="c">DLC</subfield>
  </datafield>
  <datafield tag="110" ind1="2" ind2=" ">
    <subfield code="a">Women's American ORT.</subfield>
    <subfield code="b">Golden View Chapter</subfield>
  </datafield>
  <datafield tag="670" ind1=" " ind2=" ">
    <subfield code="a">NUCMC data from Judah L. Magnes Museum for Women's American ORT newsletters, bulletins, and program, 1947-1989</subfield>
    <subfield code="b">(collection contains newsletters and bulletins from the Golden View Chapter of the Women's American ORT)</subfield>
  </datafield>
</record>